\usepackage{url}
@book{compcomplexityamodernapproach,
  title={Computational Complexity: A Modern Approach},
  author={Arora, S. and Barak, B.},
  isbn={9781139477369},
  url={https://books.google.co.uk/books?id=nGvI7cOuOOQC},
  year={2009},
  publisher={Cambridge University Press}
}

@article{hall,
author = {Hall, P.},
title = {On Representatives of Subsets},
journal = {Journal of the London Mathematical Society},
volume = {s1-10},
number = {1},
pages = {26-30},
doi = {https://doi.org/10.1112/jlms/s1-10.37.26},
url = {https://londmathsoc.onlinelibrary.wiley.com/doi/abs/10.1112/jlms/s1-10.37.26},
eprint = {https://londmathsoc.onlinelibrary.wiley.com/doi/pdf/10.1112/jlms/s1-10.37.26},
year = {1935}
}


@article{hopcroft,
author = {Hopcroft, J. E. and Karp, R. M.},
title = {An Algorithm for Maximum Matchings in Bipartite Graphs},
journal = {SIAM Journal on Computing},
volume = {2},
number = {4},
pages = {225-231},
year = {1973},
doi = {10.1137/0202019},
URL = {https://doi.org/10.1137/0202019},
eprint = {https://doi.org/10.1137/0202019},
}


@article{hoffman,
author = {A. J. Hoffman and H. W. Kuhn},
title = {Systems of Distinct Representatives and Linear Programming},
journal = {The American Mathematical Monthly},
volume = {63},
number = {7},
pages = {455-460},
year  = {1956},
publisher = {Taylor & Francis},
doi = {10.1080/00029890.1956.11988836},
URL = {https://doi.org/10.1080/00029890.1956.11988836},
eprint = {https://doi.org/10.1080/00029890.1956.11988836}
}

@article{sls,
author = {T. Yato and T. Seta},
year = {2003},
month = {05},
pages = {},
title = {Complexity and Completeness of Finding Another Solution and Its Application to Puzzles},
volume = {E86-A},
journal = {IEICE Transactions on Fundamentals of Electronics, Communications and Computer Sciences}
}
@article{holyer,
    author = {Holer, I. J.},
    title = "{The computational complexity of graph theory problems.}",
    year = {1981},
    doi = {10.17863/CAM.114823},
    url = {https://doi.org/10.17863/CAM.11482},
}
@article{lin2004number,
  title={Number Of Sudokus},
  author={L., Keh Ying},
  journal={Journal of Recreational Mathematics},
  volume={33},
  number={2},
  pages={120},
  year={2004},
  publisher={Baywood Publishing Co., Inc.}
}
@article{felgenhauer2005enumerating,
  title={Enumerating possible Sudoku grids},
  author={Felgenhauer, B. and Jarvis, F.},
  journal={Preprint available at http://www. afjarvis. staff. shef. ac. uk/sudoku/sudoku. pdf},
  year={2005}
}
@book{tarry1900probleme,
  title={Le probl{\`e}me des 36 officiers},
  author={Tarry, G.},
  year={1900},
  publisher={Secr{\'e}tariat de l'Association fran{\c{c}}aise pour l'avancement des sciences}
}
@article{maji2016comprehensive,
  title={A comprehensive sudoku instance generator},
  author={Maji, A. K. and Jana, S. and Pal, R. K.},
  journal={Advanced Computing and Systems for Security: Volume 2},
  pages={215--233},
  year={2016},
  publisher={Springer}
}
@article{mcguire2014there,
  title={There is no 16-clue Sudoku: Solving the Sudoku minimum number of clues problem via hitting set enumeration},
  author={McGuire, G. and Tugemann, B. and Civario, G.},
  journal={Experimental Mathematics},
  volume={23},
  number={2},
  pages={190--217},
  year={2014},
  publisher={Taylor \& Francis}
}
@article{russell2006mathematics,
  title={Mathematics of sudoku II},
  author={Russell, E. and Jarvis, F.},
  journal={Mathematical Spectrum},
  volume={39},
  number={2},
  pages={54--58},
  year={2006},
  publisher={Citeseer}
}
@misc{Jarvis2005,
  author = {Jarvis, F. and Russelll, E.},
  title = {There are 49 essentially different Sudoku 2x3 grids},
  howpublished = {\url{http://www.afjarvis.org.uk/sudoku/sud23gp.html}},
  year = {2005},
  note = {Accessed on April 28, 2023}
}
@misc{jin2018analysis,
  title={Analysis and Applications of Burnside’s Lemma},
  author={Jin, J.},
  year={2018},
  publisher={MIT}
}
@article{arnold2013minimal,
  title={Minimal complete Shidoku symmetry groups},
  author={Arnold, E. and Field, R. and Lucas, S. and Taalman, L.},
  journal={arXiv preprint arXiv:1302.5949},
  year={2013}
}

@article{turing,
    author = {Turing, A. M.},
    title = "{Computing Machinery and Intelligence}",
    journal = {Mind},
    volume = {LIX},
    number = {236},
    pages = {433-460},
    year = {1950},
    month = {10},
    issn = {0026-4423},
    doi = {10.1093/mind/LIX.236.433},
    url = {https://doi.org/10.1093/mind/LIX.236.433},
    eprint = {https://academic.oup.com/mind/article-pdf/LIX/236/433/30123314/lix-236-433.pdf},
}
@article{lsttg,
title = {The complexity of completing partial Latin squares},
journal = {Discrete Applied Mathematics},
volume = {8},
number = {1},
pages = {25-30},
year = {1984},
issn = {0166-218X},
doi = {https://doi.org/10.1016/0166-218X(84)90075-1},
url = {https://www.sciencedirect.com/science/article/pii/0166218X84900751},
author = {C. J. Colbourn},
abstract = {Completing partial Latin squares is shown to be NP-complete. Classical embedding techniques of Hall and Ryser underly a reduction from partitioning tripartite graphs into triangles. This in turn is shown to be NP-complete using a recent result of Holyer.}
}
@article{kirkpatrick1983optimization,
  title={Optimization by simulated annealing},
  author={Kirkpatrick, S. annd Gelatt, C.D. Jr. and Vecchi, M.P.},
  journal={Science},
  volume={220},
  number={4598},
  pages={671--680},
  year={1983},
  publisher={American Association for the Advancement of Science},
  doi={10.1126/science.220.4598.671}
}
@article{simulatedannealing,
author = {D. Bertsimas and J. Tsitsiklis},
title = {{Simulated Annealing}},
volume = {8},
journal = {Statistical Science},
number = {1},
publisher = {Institute of Mathematical Statistics},
pages = {10 -- 15},
keywords = {Markov chains, randomized algorithms, simulated annealing},
year = {1993},
doi = {10.1214/ss/1177011077},
URL = {https://doi.org/10.1214/ss/1177011077}
}
@article{hart1968formal,
  title={A formal basis for the heuristic determination of minimum cost paths},
  author={Hart, P. E. and Nilsson, N. J. and Raphael, B.},
  journal={IEEE transactions on Systems Science and Cybernetics},
  volume={4},
  number={2},
  pages={100--107},
  year={1968},
  publisher={IEEE}
}
@book{Applegate2006,
  author = {Applegate, D. L. and Bixby, R. E. and Chvatal, V. and Cook, W. J.},
  title = {The Traveling Salesman Problem: A Computational Study},
  year = {2006},
  publisher = {Princeton University Press},
  address = {Princeton, NJ},
  isbn = {978-0691129936}
}
@article{eberhart1995new,
  title={A new optimizer using particle swarm theory},
  author={Eberhart, R. C. and Kennedy, J.},
  journal={Proceedings of the sixth international symposium on micro machine and human science},
  pages={39--43},
  year={1995}
}
@article{takingsudokuseriously,
author = {Keedwell, D.},
year = {2018},
month = {03},
pages = {186-187},
title = {Taking Sudoku seriously by Jason Rosenhouse and Louise Taalman, pp. 214, £18.49, ISBN 978-0-19-975656-8, Oxford University Press (2011).},
volume = {102},
journal = {The Mathematical Gazette},
doi = {10.1017/mag.2018.39}
}
@article{GAP2021,
author = {The GAP Group},
title = {{GAP} -- Groups, Algorithms, and Programming, Version 4.11.0},
year = {2021},
url = {https://www.gap-system.org},
}
@misc{oeis_a291187,
  author = "{The OEIS Foundation Inc.}",
  title = "{Sequence A291187}",
  howpublished = "\url{https://oeis.org/A291187}",
  year = {2021},
  note = "[Online; accessed 27-April-2023]"
}
@article{ppad,
author = {Daskalakis, Constantinos and Goldberg, Paul W. and Papadimitriou, Christos H.},
title = {The Complexity of Computing a Nash Equilibrium},
year = {2009},
issue_date = {February 2009},
publisher = {Association for Computing Machinery},
address = {New York, NY, USA},
volume = {52},
number = {2},
issn = {0001-0782},
url = {https://doi.org/10.1145/1461928.1461951},
doi = {10.1145/1461928.1461951},
abstract = {How long does it take until economic agents converge to an equilibrium? By studying the complexity of the problem of computing a mixed Nash equilibrium in a game, we provide evidence that there are games in which convergence to such an equilibrium takes prohibitively long. Traditionally, computational problems fall into two classes: those that have a polynomial-time algorithm and those that are NP-hard. However, the concept of NP-hardness cannot be applied to the rare problems where "every instance has a solution"---for example, in the case of games Nash's theorem asserts that every game has a mixed equilibrium (now known as the Nash equilibrium, in honor of that result). We show that finding a Nash equilibrium is complete for a class of problems called PPAD, containing several other known hard problems; all problems in PPAD share the same style of proof that every instance has a solution.},
journal = {Commun. ACM},
month = {feb},
pages = {89–97},
numpages = {9}
}
@article{dpcomplexity,
title = {The complexity of facets (and some facets of complexity)},
journal = {Journal of Computer and System Sciences},
volume = {28},
number = {2},
pages = {244-259},
year = {1984},
issn = {0022-0000},
doi = {https://doi.org/10.1016/0022-0000(84)90068-0},
url = {https://www.sciencedirect.com/science/article/pii/0022000084900680},
author = {C. H. Papadimitriou and M. Yannakakis}
}
@book{salomaa1985computation,
  title={Computation and automata},
  author={Salomaa, A.},
  number={25},
  year={1985},
  publisher={Cambridge University Press}
}
@article{dphardness,
title = {More complicated questions about maxima and minima, and some closures of NP},
journal = {Theoretical Computer Science},
volume = {51},
number = {1},
pages = {53-80},
year = {1987},
issn = {0304-3975},
doi = {https://doi.org/10.1016/0304-3975(87)90049-1},
url = {https://www.sciencedirect.com/science/article/pii/0304397587900491},
author = {K. W. Wagner}
}
@article{mima2013number,
  title={On the Number of Sudoku Grids},
  author={S. K. Jones and S. Perkins},
  year={2013}
}
@article{jones2014number,
  title={On the number of 6$\times$ 6 Sudoku grids},
  author={Jones, S. K. and Perkins, S. and Roach, P. A.},
  journal={J. Combin. Math. Combin. Comput},
  volume={89},
  pages={33--43},
  year={2014}
}
@article{swart1980philosophical,
  title={The philosophical implications of the four-color problem},
  author={Swart, E. R.},
  journal={The American mathematical monthly},
  volume={87},
  number={9},
  pages={697--707},
  year={1980},
  publisher={Taylor \& Francis}
}
@book{appel1989every,
  title={Every planar map is four colorable},
  author={Appel, K. I. and Haken, W.},
  volume={98},
  year={1989},
  publisher={American Mathematical Soc.}
}
@article{gonthier2008formal,
  title={Formal proof--the four-color theorem},
  author={Gonthier, G. and others},
  journal={Notices of the AMS},
  volume={55},
  number={11},
  pages={1382--1393},
  year={2008}
}
@article{euler1779quadratis,
  title={De Quadratis Magicis},
  author={Euler, L.},
  journal={Novi Commentarii Academiae Scientiarum Imperialis Petropolitanae},
  volume={23},
  pages={86--101},
  year={1779}
}
@article{sasaki1988time,
  title={The time complexity of maximum matching by simulated annealing},
  author={Sasaki, G. H and Hajek, B.},
  journal={Journal of the ACM (JACM)},
  volume={35},
  number={2},
  pages={387--403},
  year={1988},
  publisher={ACM New York, NY, USA}
}
@book{heineman2016algorithms,
  title={Algorithms in a nutshell: A practical guide},
  author={Heineman, G. T. and Pollice, G. and Selkow, S.},
  year={2016},
  publisher={" O'Reilly Media, Inc."}
}
@misc{crackingthecryptic,
  author = {Cracking the Cryptic},
  title = {YouTube Channel},
  howpublished = "\url{https://www.youtube.com/CrackingTheCryptic/}",
  year = {n.d.},
  note = {Accessed: April 27, 2023}
}
@misc{rigb,
  author = {Alison, E.},
  title = {The Fascination of Magic Squares},
  howpublished = "\url{https://www.rigb.org/explore-science/explore/blog/fascination-magic-squares}",
  note = {Accessed: April 27, 2023}
}
@misc{sudokuworldchampionship,
  author = {{World Puzzle Federation}},
  title = {{Sudoku World Championship}},
  howpublished = {\url{https://www.worldpuzzle.org/championships/championships-sudoku/}},
  year = {Accessed: 2023}
}
@article{Pegg2005,
  author = {Pegg Jr., E.},
  title = {Ed Pegg Jr.'s Math Games: Sudoku Variations},
  journal = {MAA Online},
  publisher = {The Mathematical Association of America},
  year = {2005},
  month = {September 15},
  url = {https://www.maa.org/press/periodicals/loci/joma/ed-pegg-jr-s-math-games-sudoku-variations},
  urldate = {2023-04-28},
}
@article{andersen2007history,
  title={The history of Latin squares},
  author={Andersen, L. D.},
  journal={Unpublished) Technical Report R-2007-32, Aalborg University, Aalborg},
  year={2007}
}
@book{Dudeney1970,
  author = {Dudeney, E.},
  title = {Amusements in Mathematics},
  subtitle = {Problem 408},
  publisher = {Dover Publications},
  address = {New York},
  year = {1970},
}
@book{Shortz2006,
  title={The New York Times Will Shortz's Favorite Sudoku: 200 Easy to Hard Puzzles},
  author={Shortz, W.},
  year={2006},
  publisher={St. Martin's Griffin},
  address={New York},
  isbn={978-0312361097}
}
@article{BarNatan1996LieAA,
  title={Lie algebras and the Four Color Theorem},
  author={D. Bar-Natan},
  journal={Combinatorica},
  year={1996},
  volume={17},
  pages={43-52}
}