





@article{doi:10.1137/0210054,
author = {Holyer, Ian},
title = {The NP-Completeness of Some Edge-Partition Problems},
journal = {SIAM Journal on Computing},
volume = {10},
number = {4},
pages = {713-717},
year = {1981},
doi = {10.1137/0210054},

URL = { 
    
        https://doi.org/10.1137/0210054
    
    

},
eprint = { 
    
        https://doi.org/10.1137/0210054
    
    

}
,
    abstract = { We show that for each fixed \$n \geqq 3\$ it is NP-complete to determine whether an arbitrary graph can be edge-partitioned into subgraphs isomorphic to the complete graph \$K\_n \$. The NP-completeness of a number of other edge-partition problems follows immediately. }
}

@article{article,
author = {YATO, Takayuki and SETA, Takahiro},
year = {2003},
month = {05},
pages = {},
title = {Complexity and Completeness of Finding Another Solution and Its Application to Puzzles},
volume = {E86-A},
journal = {IEICE Transactions on Fundamentals of Electronics, Communications and Computer Sciences}
}
@article{COLBOURN198425,
title = {The complexity of completing partial Latin squares},
journal = {Discrete Applied Mathematics},
volume = {8},
number = {1},
pages = {25-30},
year = {1984},
issn = {0166-218X},
doi = {https://doi.org/10.1016/0166-218X(84)90075-1},
url = {https://www.sciencedirect.com/science/article/pii/0166218X84900751},
author = {Charles J. Colbourn},
abstract = {Completing partial Latin squares is shown to be NP-complete. Classical embedding techniques of Hall and Ryser underly a reduction from partitioning tripartite graphs into triangles. This in turn is shown to be NP-complete using a recent result of Holyer.}
}